%% This BibTeX bibliography file was created using BibDesk.
%% http://bibdesk.sourceforge.net/


%% Created for Sarah Tang at 2011-12-31 00:31:26 -0500 


%% Saved with string encoding Unicode (UTF-8) 

%lit review

@INPROCEEDINGS{castle,
    author = {Hannes Puschel and Martin Sauerbier and Henri Eisenbeiss},
    title = {A 3D Model of Castle Landenberg From Combined Photogrammetric Processing of Terrestrial and UAV-Based Images},
    booktitle = {The International Archives of the Photogrammetry, Remote Sensing and Spatial Information Sciences},
    year = {2008},
    pages = {92-98},
}

@INPROCEEDINGS{city,
    author = {Claus Brenner},
    title = {Towards Fully Automatic Generation of City Models},
    booktitle = {IAPRS},
    year = {2000},
    pages = {85-92}
}

@INPROCEEDINGS{farming,
    author = {F. Rovira-Mas, Q. Zhang, J.F. Reid},
    title = {Creation of Three-dimensional Crop Maps Based on Aerial Stereoimages},
    booktitle = {Biosystems Engineering},
    year = {2005},
    pages = {251-259},
}

@INPROCEEDINGS{bendea,
    author = {H. Bendea and F. Chiabrando and F. Giulio Tonolo and D. Marenchino},
    title = {Mapping of Archaeological Areas Using a Low-Cost UAV},
    booktitle = {XXI International CIPA Symposium},
    year = {2007},
}

@INPROCEEDINGS{arch,
author = {Karsten Lambers and Henri Eisenbeiss and Marin Sauerbier and Denise Kupferschmidt and Thomas Gaisecker and Soheil Sotoodeh and Thomas Hanush},
title = {Abstract Combining Photogrammetry and Laser Scanning for the Recording and Modeling of the Late Intermediate Period site of Pinchango Alto, Palpa, Peru},
booktitle = {Journal of Archaeological Science},
year = {2006}
}

@INPROCEEDINGS{visionReview, 
author={Jinhui Hu and Suya You and Neumann, U.}, 
journal={Computer Graphics and Applications, IEEE}, 
title={Approaches to Large-Scale Urban Modeling}, 
year={2003}, 
volume={23}, 
number={6}, 
pages={ 62-69}, }

@InProceedings{car1,
  author =	 {Pierre Lamon and Cyrill Stachniss and Rudolph Triebel and Patrick Pfaff and Christian Plagemann and Giorgio Grisetti and Sascha Kolski and Wolfram Burgard and Roland Siegwart},
  title = {Mapping with an Autonomous Car},
  booktitle = {Proc. of the Workshop on Safe Navigation in Open and Dynamic Environments at the IEEE/RSJ Int. Conf. on Intelligent Robots and Systems (IROS)},
  year = {2006},
  address = {Beijing, China},
}

@ARTICLE{car2,
    author = {Christian Fruh and Avideh Zakhor},
    title = {An Automated Method for Large-Scale, Ground-Based City Model Acquisition},
    journal = {International Journal of Computer Vision},
    year = {2004},
    volume = {60},
    pages = {5-24}
}


%control
@ARTICLE{dasKumar,
    author = {Aveek K. Das and Rafael Fierro and Vijay Kumar and James P. Ostrowski and John Spletzer and Camillo J. Taylor},
    title = {A Vision-Based Formation Control Framework},
    journal = {IEEE Transactions on Robotics and Automation},
    year = {2002},
    volume = {18},
    number = {5},
    pages = {813-825}
}

@ARTICLE{seanor,
    author = {Brad Seanor and Giampiero Campa and Yu Gu and Marcello Napolitano and Larry Rowe and Mario Perhinschi},
    title = {Formation Flight Test Results for UAV Research Aircraft Models},
    journal = {AIAA Intelligent Systems Technical Conference},
    year = {2004},
}


%websites

@UNPUBLISHED{diy,
author = {DIY Drones},
title = {ArduCopter},
year = {2013},
note = {http://diydrones.com/}
}

@UNPUBLISHED{dragan,
author = {Draganfly Innovations Inc.},
title = {DraganFlyer X4},
year = {2013},
note = {http://www.draganfly.com/uav-helicopter/draganflyer-x4/}
}

@UNPUBLISHED{hummingbird,
author = {Ascending Technologies},
title = {AscTec Hummingbird},
year = {2013},
note = {http://www.asctec.de/uav-applications/research/products/asctec-hummingbird/}
}


@UNPUBLISHED{ros,
author = {WillowGarage},
title = {ROS},
year = {2012},
note = {http://www.ros.org/wiki/}
}

@UNPUBLISHED{rosNode,
author = {Mani Monajjemi},
title = {AutonomyLab/ardrone\_autonomy},
year = {2012},
note = {https://github.com/AutonomyLab/ardrone\_autonomy}
}

@UNPUBLISHED{tumArdroneNode,
author = {Jakob Engel},
title = {tum\_ardrone},
year = {2012},
note = {http://www.ros.org/wiki/tum\_ardrone}
}

@UNPUBLISHED{arPose,
author = {Ivan Dryanovski and William Morris and Gautier Dumonteil},
title = {ar\_pose},
year = {2011},
note = {http://www.ros.org/wiki/ar\_pose}
}

@MISC{edThesis,
author = {Edward Francis Kelley},
title = {Particle Filter Localization for Unmanned Aerial Vehicles Using Augmented Reality Tags},
howpublished = {Bachelor's Thesis, Princeton University},
month = {May},
year = {2013},
}

@UNPUBLISHED{openCV,
author = {Itseez},
title = {Open Source Computer Vision (OpenCV)},
year = {2012},
note = {http://opencv.org/}
}

@UNPUBLISHED{starmac,
author = {Hybrid Systems Lab},
title = {STARMAC},
year = {2009},
note = {http://hybrid.eecs.berkeley.edu/starmac/}
}

@UNPUBLISHED{grasp,
author = {University of Pennsylvania},
title = {General Robotics, Automation, Sensing, and Perception Lab},
year = {2009},
note = {https://www.grasp.upenn.edu/}
}

%quadcopter
@INPROCEEDINGS{droneModel,
author = {Tomas Krainik and Vojtech Vonasek and Daniel Fiser and Jan Faigl},
title = {AR-Drone as a Platform for Robotic Research and Education in Research and Education in Robotics},
booktitle = {EU- ROBOT 2011},
year = {2011}
}

@UNPUBLISHED{ardrone,
author = {ParrotSA},
title = {Parrot AR Drone 2.0 Technical Specifications},
year = {2012},
note = {http://ardrone2.parrot.com/ardrone-2/specifications/}
}

@UNPUBLISHED{quadcopterDynamics,
author = {Randal W. Beard},
title = {Quadrotor Dynamics and Control},
year = {2008},
note = {http://quad08topgun.groups.et.byu.net/documents/quadrotor\_2\_20\_2008.pdf}
}

@book{kasdin,
  title={Engineering Dynamics: A Comprehensive Introduction},
  author={N. Jeremy Kasdin and Derek A. Paley},
  isbn={9780691135373},
  lccn={2010023802},
  year={2011},
  publisher={Princeton University Press}
}


@MISC{clarkLec,
author  = {Christopher M. Clark},
title = {COS495 Lecture 6 - Point Tracking},
howpublished = {Course lecture},
organization = {Princeton University},
year = {2011}
}

@MISC{zurichLec,
author  = {John Lygeros},
title = {Signals and Systems II - Lecture Notes},
howpublished = {Lecture Notes},
organization = {ETH Zurich},
year = {2012},
url = {http://control.ee.ethz.ch/~sigsys/notes/LectureNotes.pdf}
}

@TECHREPORT{ bouffard,
author = {Patrick Bouffard},
title = {On-Board Model Predictive Control of a Quadrotor Helicopter: Design, Implementation, and Experiments},
institution = {UC Berkeley, Electrical Engineering and Computer Sciences},
year = {2012}
}

@TECHREPORT{ sdk,
author = {Parrot},
title = {AR.Drone SDK Developer Guide SDK 1.6},
organization = {Parrot},
year = {2012}
}

@TECHREPORT{ photoscan,
author = {AgiSoft},
title = {Agisoft PhotoScan User Manual, Standard Edition, Version 0.9.0},
year = {2012},
institution= {AgiSoft LLC},
}

@BOOK{murray,
  AUTHOR = {K. J. {Astr\"om} and R. M. Murray},
  TITLE = {Feedback Systems: An Introduction for Scientists and Engineers},
  PUBLISHER = {Princeton University Press},
  YEAR = {2008},
  NOTE = {http://press.princeton.edu/titles/8701.html}
}

@MASTERSTHESIS{tum_ardrone,
	author = {Jakob Engel},
	title = {Autonomous Camera-Based Navigation of a Quadrocopter},
	school = {Technical University Munich},
	year = {2011}
}

@PHDTHESIS{ mellinger,
	author = {Daniel Mellinger},
	title = {Trajectory Generation and Control for Quadrotors},
	school = { University of Pennsylvania},
	month = {May},
	year = {2012}
}

@INPROCEEDINGS{ hoffman,
    author = {Gabriel M. Hoffmann and Steven L. Wasl and Claire J. Tomlin},
    title = {Quadrotor Helicopter Trajectory Tracking Control},
    booktitle = {Proc. AIAA Guidance, Navigation, and Control Conf.},
    year = {2008}
}

@INPROCEEDINGS{droneTech,
author = {Pierre-Jean Bristeau and François Callou and David Vissière and Nicolas Petit}, 
title = {The Navigation and Control Technology Inside the AR.Drone Micro UAV}, 
booktitle = {18th IFAC World Congress}, 
address = {Milano, Italy}, 
pages = {1477-1484}, 
year = {2011}, 
}


%literature review
@Article{bhutan,
AUTHOR = {Armin Gruen, Zhichao Zhang, Henri Eisenbeiss},
TITLE = {UAV Photogrammetry in Remote Areas - 3D Modeling of Drapham Dzong Bhutan},
JOURNAL = {ISPRS - International Archives of the Photogrammetry, Remote Sensing and Spatial Information Sciences},
YEAR = {2012},
PAGES = {375--379},
}


@INPROCEEDINGS{eisenbeiss,
    author = {Henri Eisenbeiss},
    title = {The Autonomous Mini Helicopter: A powerful Platform for Mobile Mapping},
    booktitle = {XXI ISPRS Congress},
    year = {2008},
    pages = {03-11}
}

@INPROCEEDINGS{eisenbeiss2,
    author = {Henri Eisenbeiss},
    title = {A Mini Unmanned Aerial Vehicle (UAV): System Overview and Image Acquisition},
    booktitle = {Image Acquisiton” International Workshop on Processing and Visualization using High-Resolution Imagery},
    year = {2004}
}

@INPROCEEDINGS{Tsingas,
    author = {V. Tsingas and C. Liapakis and V. Xylia and D. Mavromati and D. Moulou and L. Grammatikopoulos and C. Stentoumis},
    title = {3D Modelling of the Acropolis of Athens Using Balloon images and Terrestrial Laser Scaning},
    booktitle = {The International Archives of the Photogrammetry, Remote Sensing and Spatial Information Sciences},
    year = {2008}
}

@INPROCEEDINGS{angkorian,
	year = {2006},
	author = {Till Sonnemann and Martin Sauerbier and Fabio Remondino and Gerhard Schrotter and Stefano Campana and Maurizio Forte},
	booktitle = {BAR International Series},
	volume = {1568},
	pages = {573-579},
	title = {Reality-Based 3D Modeling of the Angkorian Temples Using Aerial Images},
}

@ARTICLE{kim,
    author = {H. Jin Kim and David H. Shim},
    title = {A Flight Control System for Aerial Robots: Algorithms and Experiments},
    journal = {Control Engineering Practice},
    year = {2003},
    volume = {11},
    pages = {1389--1400}
}

@INPROCEEDINGS{sa,
AUTHOR = {Inkyu Sa and Peter Corke},
TITLE = {System Identification, Estimation and Control for a Cost Effective Open-Source Quadcopter},
BOOKTITLE = {IEEE International Conference on Robotics and Automation (ICRA)},
PAGES = {2202-2209},
YEAR = {2012}, 
}


@INPROCEEDINGS{bills,
    author = {Cooper Bills and Joyce Chen and Ashutosh Saxena},
    title = {Autonomous MAV Flight in Indoor Environments Using Single Image Perspective Cues},
    booktitle = {IEEE International Conference on Robotics and Automation (ICRA)},
    year = {2011}
}

@inproceedings{engelPaper,
  author = {Jakob Engel and Jurgen Sturm and Daniel Cremers},
  booktitle = {Proc. of the Workshop on Visual Control of Mobile Robots (ViCoMoR) at the IEEE/RJS International Conference on Intelligent Robot Systems (IROS)},
  pages = {2815-2821},
  year={2012},
  title = {Camera-Based Navigation of a Low-Cost Quadrocopter},
  }
  
  @InProceedings{ engelvicomor,
	author = {J. Engel and J. Sturm and D. Cremers},
	title = {Accurate Figure Flying with a Quadrocopter Using Onboard Visual and Inertial Sensing},
	booktitle = {Proc. of the Workshop on Visual Control of Mobile Robots (ViCoMoR) at the IEEE/RJS International Conference on Intelligent Robot Systems (IROS)},
	year = {2012},
}
  
  @ARTICLE {dijkshoorn,
  title = {Integrating Sensor and Motion Models to Localize an Autonomous AR.Drone},
  author = {Nick Dijkshoorn and Arnoud Visser},
  journal = {International Journal of Micro Air Vehicles},
  year = {2011},
  month = {December},
  volume = {3},
  number = {4},
  pages = {183-200},
  }

  
  @inproceedings{bosnak,
 author = {Matev\v{z} Bo\v{s}nak and Sa\v{s}o Bla\v{z}i\v{c}},
 title = {Sparse VSLAM with Camera-Equipped Quadrocopter},
 booktitle = {Proceedings of the Third International Conference on Autonomous and Intelligent Systems},
 series = {AIS '12},
 year = {2012},
 location = {Aveiro, Portugal},
 pages = {135-140},
 numpages = {6},
  publisher = {Springer-Verlag},
 address = {Berlin, Heidelberg},
} 


@INPROCEEDINGS{ferrick,
author={A. Ferrick and J. Fish and E. Venator and G.S. Lee},
booktitle={Technologies for Practical Robot Applications (TePRA), 2012 IEEE International Conference on}, 
title={UAV Obstacle Avoidance Using Image Processing Techniques},
year={2012},
pages={73-78},
}

@inproceedings{gerke,
year = {2011}, 
author = {P.K. Gerke and J. Langevoort and S. Lagarde and L. Bax and T. Grootswagers and R.-J. Drenth and V. Slieker and L. Vuurpijl and P. Haselager and I.G. Sprinkhuizen-Kuyper and M. Otterlo and G.C.H.E. de Croon}, 
title = {BioMAV: Bio-Inspired Intelligence for Autonomous Flight}, 
booktitle = {Proceedings of the International Micro Air Vehicle Conference and Competitions},
}

@TECHREPORT{ scott,
author = {Lachlan K. Scott},
title = {Autonomous Hover Through Vision Based Flight Control Using the Parrot AR.Drone Quadrotor},
institution = {University of New South Wales at the Australian Defence Force Academy},
year = {2012}
}
  
@inproceedings{faigl,
	author = {J. Faigl and T. Krajn{\'\i}k and V. Von{\' a}sek and L. P{\v r}eu{\v c}il},
	title = {Surveillance Planning with Localization Uncertainty for UAVs},
	booktitle = {3rd Israeli Conference on Robotics},
	publisher = {Ariel University Center},
	address = {Ariel},
	year = {2010},
	language = {English},
}
  
@inproceedings{he,
 author = {Dan He and Haoyi Ren and Weidong Hua and Gang Pan and Shijian Li and Zhaohui Wu},
 title = {FlyingBuddy: Augment Human Mobility and Perceptibility},
 booktitle = {Proceedings of the 13th International Conference on Ubiquitous Computing},
 series = {UbiComp '11},
 year = {2011},
  location = {Beijing, China},
 pages = {615-616},
 numpages = {2},
 publisher = {ACM},
 address = {New York, NY, USA},
} 


@inproceedings{higuchi,
 author = {Keita Higuchi and Yoshio Ishiguro and Jun Rekimoto},
 title = {Flying Eyes: Free-Space Content Creation Using Autonomous Aerial Vehicles},
 booktitle = {CHI $'$11 Extended Abstracts on Human Factors in Computing Systems},
 series = {CHI EA '11},
 year = {2011},
 location = {Vancouver, BC, Canada},
 pages = {561-570},
 numpages = {10},
  publisher = {ACM},
 address = {New York, NY, USA},
} 

@inproceedings{graether,
 author = {Eberhard Graether and Florian Mueller},
 title = {Joggobot: a Flying Robot as Jogging Companion},
 booktitle = {CHI $'$12 Extended Abstracts on Human Factors in Computing Systems},
 series = {CHI EA '12},
 year = {2012},
 location = {Austin, Texas, USA},
 numpages = {4},
 publisher = {ACM},
 address = {New York, NY, USA},
 } 
 
 @inproceedings{luo,
  title = {Air-Ground Multi-Agent Robot Team Coordination},
  author = {Cai Luo and Andre Possani Espinosa and Alessandro De Gloria and Roberto Sgherri},
  year = {2011},
  booktitle = {IEEE International Conference on Robotics and Automation (ICRA)},
  publisher = {IEEE},
}
 
@inproceedings{wenzel,
  author    = {Karl Engelbert Wenzel and Andreas Masselli and Andreas Zell},
  title     = {Visual Tracking and Following of a Quadrocopter by Another Quadrocopter},
  booktitle = {Proc. of the Workshop on Visual Control of Mobile Robots (ViCoMoR) at the IEEE/RJS International Conference on Intelligent Robot Systems (IROS)},
  year      = {2012},
  pages     = {4993-4998},
}
 
 @unpublished{halgask2,
	title = {Affordable MultiUAV Experiments Using AR.Drone Quadrotors},
	year = {2013},
	author = {Jaroslav Halga{\v s}{\'\i}k and Ji{\v r}{\'\i} Zem{\'a}nek and Martin Hrom{\v c}{\'\i}k and Zden{\v e}k Hur{\'a}k},
	note={Submitted},
}

@inproceedings{mathia,
  author    = {Karl Mathia and Gerardo Lafferriere and Todd Titensor},
  title     = {Cooperative Control of UAV Platoons - a Prototype},
  booktitle = {Euro UAV 2007 Conference and Exhibition},
  year      = {2007},
  location = {Paris, France},
}

 @inproceedings{bem,
  author    = {Alberto Bemporad and Claudio Rocchi},
  title     = {Decentralized Linear Time-Varying Model Predictive Control of a Formation of Unmanned Aerial Vehicles},
  booktitle = {CDC-ECE},
  year      = {2011},
  pages     = {7488-7493},
}

@article{wang,
	author = {X. Wang and V. Yadav and S.N. Balakrishnan},
    journal = {Control Systems Technology, IEEE Transactions on},
    number = {4},
    pages = {672--679},
    title = {{Cooperative UAV Formation Flying With Obstacle/Collision Avoidance}},
    volume = {15},
    year = {2007},
}

@article{campa,
    author = {Giampiero Campa and Yu Gu and Brad Seanor and Marcello R. Napolitano and Lorenzo Pollini and Mario L. Fravolini},
    journal = {Control Engineering Practice},
     month = {Sept.},
    number = {9},
    pages = {1077--1092},
     title = {Design and Flight-Testing of Non-Linear Formation Control Laws},
    volume = {15},
    year = {2007},
}

@article{yun,
    author = {Ben Yun and Ben M. Chen and Kai Yew Lum and Tong H. Lee},
    journal = {Control Theory Applications},
    pages = {61-68},
     title = {Design and Implementation of a Leader-Follower Cooperative Control System for Unmanned Helicopters},
    year = {2010},
}

@article{paul,
    author = {T. Paul and T. Krogstad and J. Gravdahl},
    journal = {Simulation Modelling Practice and Theory},
    month = {Oct.},
    number = {9},
    pages = {1453--1462},
     title = {Modeling of UAV Formation Flight Using 3D Potential Field},
    volume = {16},
    year = {2008},
}

@article{satti,
    author = {Ramachandra J. Sattigeri and Anthony J. Calise and Byoung Soo Kim and Konstantin Volyanskyy and Nakwan Kim},
    month = {Aug.},
     title = {{6-DOF Nonlinear Simulation of Vision-based Formation Flight}},
    year = {2008},
}

@article{mosh,
 author = {Nima Moshtagh and Nathan Michael and Ali Jadbabaie and Kostas Daniilidis},
 title = {Vision-based, Distributed Control Laws Formation Coordination of Nonholonomic Robots},
 journal = {Trans. Rob.},
 issue_date = {August 2009},
 volume = {25},
 number = {4},
 month = aug,
 year = {2009},
 pages = {851-860},
 publisher = {IEEE Press},
 address = {Piscataway, NJ, USA},
} 

@article{hu2,
title = {Distributed Tracking Control of Leader-Follower Multi-Agent Systems Under Noisy Measurement },
journal = {Automatica},
year = {2010},
author = {Jiangping Hu and Gang Feng},
}

@INPROCEEDINGS{nechyba,
    author = {Michael C. Nechyba and Peter G. Ifju and Martin Waszak},
    title = {Vision-Guided Flight Stability and Control for Micro Air Vehicles},
    booktitle = {IEEE/RSJ Int Conf. on Robots and Systems},
    year = {2002},
    pages = {2134--2140}
}

@INPROCEEDINGS{betser,
author={A. Betser and P.A. Vela and G. Pryor and A. Tannenbaum},
booktitle={American Control Conference, Proceedings of the}, 
title={Flying in Formation Using a Pursuit Guidance Algorithm},
year={2005},
pages={5085-5090},
}

